3158 4934
684 327 905 392 ..31-

207 525 279 572 mus
302 505 428 572 bellicis
460 505 687 589 agnominibus
719 505 943 588 consueveras,
982 505 1066 571 sicut
1090 504 1162 569 Liv.
1195 504 1246 585 21,
1279 505 1308 585 3,
1344 505 1379 569 2:

208 618 253 694 ,ut
290 613 499 678 adsuesceret
535 612 674 678 militiae
697 613 881 678 Hannibal.
910 651 952 662 —
984 611 1159 677 Ablativus
1194 612 1294 676 verbo
1327 610 1381 676 ad-

206 719 333 785 iunctus
364 724 414 785 est
444 721 461 784 I
495 722 580 802 1,1,
613 723 646 788 7;
677 722 843 802 ,adsuetae
882 720 1039 804 sanguiue
1070 724 1103 783 et
1131 719 1253 799 praeda
1284 720 1380 784 aves’.

206 827 314 912 1127,
341 829 389 892 17.
415 828 579 909 ,barbaros
602 831 636 893 et
660 828 763 911 signis
787 809 982 895 militaribus
1007 830 1040 891 et
1064 825 1250 908 disciplina,
1282 826 1380 891 armis

206 935 307 1001 etiam
323 935 479 1000 Romanis
503 935 717 1004 adsueverat'.
740 936 780 1004 cf.
802 937 873 1002 Liv.
898 938 949 1017 31,
973 935 1025 1016 35,
1049 935 1084 998 3;
1109 951 1220 1016 ,genus
1250 952 1380 1016 pugnae
1447 947 1451 957 “

207 1060 269 1122 quo
294 1032 530 1109 adsrreve'rant’.
1088 1031 1089 1036 ἵ

316 1149 400 1232 Quin
430 1151 529 1217 etiam
560 1150 833 1233 praepositionem
864 1151 903 1214 in
935 1168 1007 1215 cum
1038 1147 1224 1214 accusativo
1253 1145 1382 1212 coniun-

208 1261 295 1322 ctam
318 1264 454 1340 usurpat
470 1259 601 1326 Florus:
617 1258 649 1324 ll
674 1259 724 1338 32,
750 1259 806 1323 43:
830 1258 1009 1340 ,Armenios
1031 1256 1067 1346 in
1089 1257 1150 1321 hoc
1170 1274 1267 1320 unum
1283 1255 1382 1321 servi·

208 1365 290 1436 tutis
314 1385 416 1448 genus
439 1366 611 1448 Pompeius
635 1367 843 1432 assueverat’.
867 1365 906 1432 cf.
923 1365 995 1432 Liv.
1019 1366 1070 1448 24,
1094 1363 1124 1446 5,
1148 1365 1184 1428 9;
1208 1363 1251 1446 ,in
1275 1362 1382 1428 omnia

212 1471 384 1538 familiaria
406 1473 478 1539 iura
501 1474 688 1540 adsuetum’.
713 1472 752 1538 cl.
775 1493 805 1554 p.
831 1476 881 1539 12.

314 1581 549 1647 detrahere:
572 1581 590 1645 I
615 1584 666 1663 22,
691 1583 746 1646 23:
771 1582 930 1663 ,detracta
960 1585 1036 1645 sunt
1059 1579 1205 1660 templis’.
1230 1578 1247 1641 I
1269 1579 1300 1658 ¹8,
1325 1579 1381 1643 20:

209 1706 348 1768 ,aureum
372 1692 519 1768 torquem
540 1690 680 1755 barbaro
698 1741 705 1755 .
722 1741 728 1754 .
746 1740 753 1754 .
770 1688 932 1755 detraxit’.
949 1688 988 1754 cf.
1006 1688 1077 1753 Liv.
1093 1691 1123 1769 4,
1148 1687 1199 1769 33,
1217 1687 1247 1750 7;
1265 1685 1382 1768 ,frenos
1408 1771 1410 1780 Ι

207 1797 243 1859 ut
273 1795 450 1860 detrahant
474 1797 565 1877 equis
588 1798 745 1877 imperat’.
781 1836 819 1844 —
854 1799 969 1861 contra
991 1795 1041 1860 Fl.
1064 1794 1081 1859 Ι
1106 1796 1157 1877 17,
1181 1795 1238 1876 24,
1263 1793 1302 1858 3:
1331 1793 1381 1874 ,ab

209 1901 373 1967 Aventino
398 1905 523 1968 monte'.
547 1904 587 1968 cf.
611 1903 683 1968 Liv.
708 1905 759 1984 37,
782 1903 835 1985 45,
863 1904 919 1968 18:
944 1903 994 1985 ,ab
1019 1920 1139 1967 summo
1163 1899 1316 1982 fastigio’.

315 2009 551 2074 immittere:
575 2010 592 2074 I
616 2011 668 2092 31,
694 2010 750 2075 18:
775 2010 989 2091 ,incendium
1014 2061 1021 2076 .
1043 2009 1151 2090 .qnod
1175 2007 1321 2073 domibus
1344 2025 1383 2071 ac

209 2116 338 2197 templis
362 2117 428 2182 suis
452 2122 567 2198 sponte
591 2117 701 2182 hostes
723 2117 941 2183 immiserant’.
967 2115 1212 2181 aldvinum.
1233 2113 1281 2178 VI
1304 2114 1383 2178 615:

79 2259 92 2277 ι
209 2223 384 2303 ,Artificem
407 2225 521 2290 mediis
543 2223 708 2290 inmittam
731 2227 835 2290 'Perea
858 2225 1013 2290 flammis!
1038 2223 1092 2288 Sil.
1116 2223 1214 2287 XVII
1241 2221 1315 2287 353.
1339 2259 1383 2268 —

210 2337 323 2394 contra
346 2332 399 2397 iu:
423 2333 473 2397 Fl.
496 2332 514 2396 I
538 2335 589 2414 36,
622 2335 654 2400 7;
673 2333 720 2413 ,in
744 2333 927 2397 Numidiam
952 2383 958 2396 .
984 2385 989 2398 .
1015 2383 1021 2396 .
1046 2330 1251 2396 immittitur’.
1275 2329 1306 2393 ll
1330 2327 1382 2409 32,

210 2437 269 2502 45;
293 2457 391 2522 pyra,
415 2441 448 2503 in
473 2459 569 2521 quam
593 2460 627 2505 se
650 2459 836 2521 percussum
859 2440 999 2504 inmisit’.
1025 2438 1063 2503 cf.
1084 2436 1155 2502 Liv.
1181 2437 1231 2516 23,
1258 2437 1306 2518 13,
1332 2435 1382 2499 17.

314 2545 548 2612 infundere:
572 2547 604 2612 H
629 2549 657 2628 v,
683 2549 715 2612 6:
741 2547 911 2628 ,geminum
935 2545 1006 2610 urbi
1036 2563 1150 2627 agmen
1181 2542 1318 2608 iniudit'.
1343 2542 1381 2606 cf.

209 2652 271 2716 uic.
301 2653 384 2717 Phil.
409 2655 457 2717 Xl
482 2656 515 2718 G:
540 2654 614 2735 ,lilio
639 2707 645 2720 .
671 2706 677 2718 .
701 2706 708 2718 .
732 2656 907 2720 venenum'.
932 2694 974 2701 -
999 2649 1302 2730 001111031146,
1328 2651 1381 2716 11;

209 2779 330 2840 ,aurum
346 2761 379 2825 in
395 2761 511 2826 rictum
536 2762 601 2827 cris
618 2761 760 2828 infusum
784 2763 851 2827 est'.
877 2761 915 2826 cf.
932 2761 1015 2827 Plin.
1039 2761 1091 2841 33,
1118 2760 1167 2840 14,
1193 2761 1224 2822 1:
1246 2757 1382 2838 ,Mithri-

209 2865 303 2931 dates
326 2867 456 2947 Aquilio
481 2873 576 2950 capto
600 2888 714 2934 aurum
737 2869 769 2933 in
794 2889 830 2934 os
853 2868 989 2934 infudit’.

315 2975 550 3054 provolvere
581 2977 788 3060 coniungitur
816 2996 886 3041 cum
915 2974 1155 3056 praepositione
1184 2973 1246 3038 ad:
1271 2974 1303 3038 ll
1331 2974 1381 3053 21,

209 3084 241 3146 9;
266 3083 390 3164 ,regina
413 3085 454 3149 ad
477 3085 576 3165 pedes
593 3085 742 3150 Caesaris
759 3084 940 3165 provoluta’
965 3084 1016 3164 (cf.
1033 3083 1105 3149 Liv.
1123 3083 1151 3162 8,
1174 3083 1225 3164 35,
1242 3084 1278 3147 3:
1303 3100 1382 3162 ,pro-

210 3191 358 3254 cumbere
382 3191 424 3254 ad
442 3193 579 3277 genna’).
596 3192 729 3257 Tacitus
753 3193 813 3256 hoc
836 3193 969 3268 verbum
987 3210 1057 3256 cum
1074 3190 1185 3254 dativo
1202 3187 1381 3269 coniungit:

211 3296 249 3360 A.
273 3297 324 3360 Xl
348 3298 403 3362 30:
429 3298 592 3380 ,genibus'.
616 3299 683 3364 ΧΠ
708 3299 757 3364 18.
781 3297 861 3363 XIV
887 3296 1093 3362 61011111.
1121 3295 1382 3360 Lelrmannum

210 3403 426 3490 01119)-
1121 3423 1125 3430 ·

320 3511 364 3598 2).
411 3512 646 3593 Saepenumero
672 3513 804 3578 dativus
828 3512 994 3593 appositus
1019 3516 1068 3576 est
1083 3510 1202 3590 verbis,
1226 3529 1309 3589 quae
1325 3528 1384 3574 sua

209 3623 328 3684 natura
350 3619 441 3684 illum
465 3639 573 3684 casum
597 3640 660 3685 non
677 3621 853 3701 postulant,
878 3619 948 3683 dico
966 3618 1113 3684 dativum
1129 3622 1163 3681 et
1187 3617 1381 3682 commodi

210 3730 243 3791 et
266 3726 508 3791 incommodi.

317 3855 345 3901 a.
369 3835 490 3900 Dativo
516 3835 708 3900 commodi
732 3836 849 3898 Florus
873 3835 1044 3914 interdum,
1068 3834 1153 3898 sicut
1173 3833 1282 3914 ceteri,
1305 3852 1382 3898 usus

210 3947 269 4020 est,
293 3946 329 4006 ut
352 3943 552 4024 significaret
576 3942 699 4021 aliquid
722 3943 793 4006 fieri
816 3943 857 4007 in
881 3943 1075 4006 honorem
1099 3941 1288 4007 alicuius:
1312 3941 1329 4004 l
1353 3943 1381 4021 3,

211 4050 243 4112 4;
268 4048 382 4130 ,fasces
399 4049 428 4114 ei
449 4069 507 4131 pro
532 4051 680 4114 contione
703 4049 879 4114 summisit’.
896 4051 947 4131 20,
971 4050 1004 4112 4;
1022 4053 1199 4128 ,tropaeum
1214 4049 1237 4113 J
1239 4048 1293 4114 ovi
1308 4047 1382 4112 Fla-

209 4154 327 4220 minius
351 4155 472 4222 0101111
497 4157 548 4238 21),
572 4156 608 4221 5;
633 4156 791 4239 ,Feretrio
816 4157 892 4222 Jovi
918 4155 1024 4236 opima
1053 4155 1238 4236 suspendit'.
1264 4157 1319 4237 21,
1343 4155 1380 4219 4:

212 4261 401 4344 ,legatorum
425 4263 572 4328 manibus
595 4263 751 4328 litavere'.
776 4263 829 4344 39,
853 4265 881 4328 2.
910 4263 995 4344 116,
1021 4262 1070 4326 14.
1095 4261 1133 4328 ol.
1158 4262 1306 4342 111143,
1331 4262 1381 4343 13,

219 4371 236 4433 7
248 4395 254 4434 :
279 4370 507 4453 ,quadraginta
530 4371 705 4436 maioribus
728 4369 845 4435 hostiis
869 4370 985 4450 quibus
1013 4369 1062 4434 dis
1091 4371 1237 4436 consules
1266 4368 1383 4434 sacrifi-

212 4481 324 4544 carent
348 4477 537 4546 edidcrunt'.
584 4479 633 4546 ll.
657 4478 674 4543 l
698 4481 750 4562 22,
774 4480 807 4542 8:
831 4479 988 4560 ,manibus
1012 4496 1122 4544 eorum
1146 4529 1152 4542 .
1177 4528 1183 4542 .
1208 4481 1382 4559 ,parenta-
