3158 4934
748 352 946 418 -7.‚.

250 533 436 616 tegebat.
482 529 678 612 nuilla,
720 530 760 595 12
796 547 905 610 quem
936 527 1095 609 quisin
1123 526 1433 613 6666661666-

250 638 528 728 peratlooum‚
553 634 1171 719 eumamissaanimacorpore
1194 637 1430 721 tegebat.-

250 745 328 813 Sall.
352 744 447 812 Catil.
471 747 523 829 61,
546 745 567 810 4
598 743 778 811 Catilina
800 761 894 809 vero
917 742 1034 826 longe
1065 761 1086 808 a
1116 742 1200 821 suis
1230 743 1337 810 inter
1367 741 1433 806 ho-

252 845 368 920 stium
396 851 612 918 cadavera
630 853 832 934 repertus
856 852 929 916 est.
967 848 1141 932 111112,
1167 849 1208 916 12
1236 849 1433 917 Catilina

251 960 377 1042 longe
392 978 413 1025 a
428 958 519 1026 suis
534 958 651 1024 inter
671 956 860 1024 hostium
876 950 1292 1040 cadaverarepertus
1308 958 1430 1023 est.-

251 1067 345 1134 nude
390 1065 468 1133 Sall.
492 1063 494 1084 ¹
518 1066 595 1148 Jug.
634 1065 686 1148 20,
729 1061 747 1131 1
791 1063 925 1144 616616Δ
959 1062 1101 1129 Romae
1135 1063 1296 1130 venalia
1329 1082 1429 1130 esse.

251 1173 490 1256 1113616
521 1171 624 1240 vidit
654 1173 795 1254 urbem,
831 1190 940 1253 quam
971 1170 1151 1238 uenalem
1179 1174 1217 1236 et
1248 1170 1425 1252 quando-

252 1299 323 1363 que
345 1279 592 1363 perituram.
610 1317 654 1328 -
675 1278 752 1348 Sall.
783 1277 861 1363 Jug.
884 1279 937 1360 92,
965 1277 986 1342 5
1011 1276 1246 1343 Muluccha.
1270 1327 1277 1343 .
1301 1328 1308 1343 .
1333 1282 1428 1344 erat

252 1389 359 1455 inter
382 1392 559 1456 ceteram
591 1385 814 1475 planitiem
836 1403 951 1460 mons
973 1402 1130 1452 saxeus
1153 1435 1161 1450 .
1185 1434 1193 1450 .
1216 1435 1224 1451 .
1247 1403 1321 1452 uno
1344 1405 1431 1468 per·

255 1500 429 1579 angusto
465 1493 579 1560 aditu
612 1493 783 1559 relicto.
829 1491 1001 1576 111136,
1031 1492 1074 1556 14
1116 1509 1234 1559 saxeo
1262 1491 1433 1563 inditam

258 1603 391 1669 monti
418 1600 644 1669 Mulucham
670 1601 808 1666 urbem
837 1598 1053 1665 ...aditu
1080 1597 1211 1666 arduo
1241 1597 1433 1671 inacces-

253 1726 385 1792 soque
399 1707 647 1791 penetravit.
670 1747 714 1758 -
738 1697 885 1772 Concedo
901 1705 986 1772 hunc
1000 1703 1106 1772 locum
1121 1705 1222 1772 etiam
1234 1705 1285 1772 illi
1299 1705 1433 1774 Tacitae

252 1818 292 1884 A.
325 1815 374 1883 IV
402 1817 446 1882 46
483 1814 689 1900 ,66616116
718 1813 898 1897 rupibus
931 1812 1088 1879 indita’
1117 1831 1189 1880 esse
1218 1811 1432 1894 6161111666,

255 1924 313 1990 661
335 1923 465 2006 poetica
492 1921 651 1990 orationis
677 1919 802 1988 indoles
832 1924 955 2003 monet,
983 1939 1025 1986 ne
1054 1918 1140 1986 hunc
1162 1920 1255 1987 verbi
1282 1919 1431 1988 indere

234 2050 348 2098 usum
377 2029 542 2112 propriam
572 2047 644 2096 esse
677 2027 804 2096 Tacitei
836 2027 994 2094 sermonis
1025 2031 1218 2095 statuamus.
1248 2067 1292 2078 -

361 2190 474 2272 Neque
482 2208 560 2257 vero
572 2194 662 2258 recte
673 2189 768 2276 higen
779 2189 800 2256 1.
812 2189 833 2255 1.
845 2207 876 2272 p.
888 2189 908 2254 3
921 2207 1079 2271 persaepe
1087 2188 1288 2256 Floriuerba
1296 2193 1431 2256 revocat

256 2299 299 2364 ad
321 2297 480 2382 Tacitum,
504 2317 587 2380 quae
609 2296 879 2364 verisimillimum
904 2301 954 2364 est
977 2295 1149 2364 referenda
1172 2315 1243 2364 esse
1266 2297 1308 2362 ad
1330 2296 1433 2364 Sallu·

195 2397 199 2410 '
256 2406 354 2474 stium
377 2406 538 2486 aliosque:
569 2404 619 2472 Fl.
642 2404 660 2470 I
683 2405 735 2489 34,
763 2406 820 2489 19,
846 2408 863 2471 1
891 2404 1191 2488 ,crescentibus
1221 2421 1308 2470 cum
1338 2403 1432 2486 ipsa

254 2512 550 2598 magnitudine
574 2512 746 2596 imperii
769 2512 914 2579 vitiis'
936 2512 1088 2578 haustum
1111 2511 1184 2578 vult
1205 2510 1267 2596 Eg.
1291 2529 1332 2577 ex
1354 2512 1429 2605 Tac.

253 2621 294 2686 H.
318 2619 351 2686 11
379 2622 435 2688 38:
465 2625 599 2706 ,vetus
627 2639 672 2687 ao
699 2619 781 2686 iam
808 2619 971 2704 pridem
1002 2618 1141 2686 insita
1170 2616 1430 2684 mortalibus

252 2728 462 2809 potentiae
485 2727 636 2810 cupido
660 2746 746 2794 eum
768 2725 924 2810 imperii
951 2724 1220 2809 magnitudine
1250 2723 1430 2792 adoleuit

252 2834 508 2918 erupitquc’‚
536 2853 607 2900 oum
628 2834 718 2901 locus
741 2833 798 2899 ille
820 2831 994 2899 Florianus
1017 2831 1179 2924 respicere
1201 2830 1354 2899 videatur
1386 2830 1429 2898 ad

252 2939 329 3007 Sall.
359 2941 454 3007 06111.
487 2941 538 3024 10,
576 2943 685 3008 1-3:
719 2940 790 3007 ubi
814 2991 821 3006 .
845 2990 853 3006 .
876 2992 884 3008 .
907 2938 1153 3023 respublica
1187 2939 1329 3006 creuit
1359 2989 1429 3007 ...

251 3047 417 3115 saevire
445 3047 625 3115 fortuna
646 3067 690 3116 ao
718 3047 896 3114 miscere
924 3045 1066 3113 omnia
1088 3045 1234 3129 coepit
1263 3045 1430 3114 ...im·
1485 3065 1487 3068 ·

180 3185 183 3189 ·
250 3154 352 3239 perii
378 3153 517 3238 cupido
541 3155 681 3223 crevit:
705 3173 752 3220 ea
775 3153 886 3238 quasi
908 3152 1095 3220 materies
1123 3152 1287 3220 omnium
1310 3152 1430 3241 malo]-

251 3280 338 3328 rum
361 3261 483 3330 fuere.
508 3262 740 3344 -111122,
765 3265 807 3330 16
842 3262 1059 3328 observato
1082 3259 1162 3327 loci
1191 3260 1360 3354 ingenio,
1388 3260 1429 3328 of.

250 3369 328 3435 Sall.
352 3369 393 3435 H.
416 3367 470 3434 HI
494 3371 533 3436 17
569 3368 747 3454 ingenio
770 3367 857 3436 loci
880 3369 955 3458 (Eg.
978 3387 1008 3450 p.
1032 3368 1055 3433 4
1077 3367 1181 3434 refert
1207 3367 1294 3434 hunc
1322 3368 1428 3435 locum

250 3475 337 3543 Flor.
354 3476 396 3542 ad
411 3477 486 3543 Tac.
503 3476 578 3544 H.I
600 3476 664 3562 51).
688 3515 731 3525 -
755 3476 805 3545 Fl.
828 3475 861 3542 Π
878 3477 929 3561 13,
952 3474 995 3540 50
1019 3473 1174 3542 661166.
1188 3474 1228 3541 16
1250 3492 1293 3542 66
1317 3495 1429 3558 proe-

249 3583 305 3648 lio
341 3583 486 3650 Caesar
520 3582 609 3649 fult
644 3583 717 3667 (Eg.
748 3583 850 3650 refert
884 3583 927 3649 ad
958 3583 1034 3649 Tac.
1061 3582 1141 3667 Agr.
1173 3582 1241 3670 20),
1276 3580 1316 3650 oi.
1347 3582 1427 3650 Sall.

249 3688 325 3774 Jug.
350 3691 401 3773 96,
425 3691 446 3754 3
470 3689 730 3778 aduigilias
752 3690 896 3756 multus
920 3689 1068 3756 adesse.

356 3849 425 3916 Alii
447 3849 519 3934 lori,
544 3849 659 3932 quibus
681 3850 777 3934 Egon
801 3849 844 3938 (p.
868 3850 902 3939 3)
932 3848 1012 3916 dicit
1034 3848 1168 3916 Florum
1191 3848 1300 3917 Taciti
1322 3849 1428 3918 elocu-

248 3959 370 4024 tionem
392 3956 555 4024 imitatum
579 3976 659 4042 esse,
682 3958 752 4024 sine
776 3957 843 4024 ulla
866 3956 1070 4025 dubitatione
1092 3955 1268 4024 revocandi
1291 3956 1427 4026 suntad

249 4067 462 4132 Lucanum
484 4069 614 4150 poetam
637 4064 785 4152 (Florum
808 4070 917 4131 autem
940 4082 981 4130 ex
1003 4064 1129 4131 Lucani
1151 4063 1326 4131 Pharsalia
1347 4065 1425 4132 hau-

249 4171 330 4238 sisse
352 4171 418 4238 iam
440 4172 675 4260 Meinertus,
706 4170 840 4240 Wiener
862 4172 1003 4240 Jahrbb.
1026 4170 1177 4238 XXVHI
1199 4191 1230 4254 p.
1256 4171 1318 4238 186
1347 4189 1425 4256 sqq,

249 4277 509 4366 demonstravit).
544 4277 636 4344 Flori
659 4281 761 4345 verba
789 4279 898 4362 1113,
928 4279 983 4345 14:
1015 4278 1084 4362 ‚sie
1108 4278 1154 4346 de
1176 4277 1425 4361 principatu

248 4385 524 4468 laborabant,
552 4389 765 4467 tamquam
794 4386 887 4452 duos
917 4385 1029 4451 tanti
1055 4385 1216 4467 imperii
1246 4384 1424 4452 fortuna

248 4510 323 4558 non
368 4493 559 4574 caperet'
605 4511 646 4558 ex
698 4491 788 4560 nullo
833 4492 898 4560 alio
936 4491 1028 4559 ionia
1070 4491 1234 4560 duxerunt
1278 4492 1344 4561 nisi
1381 4512 1422 4559 ex
