3158 4934
618 736 860 846 Vita.

236 1015 239 1023 ¹
264 1057 477 1124 Ernestus
500 1053 679 1142 Bleligk
701 1065 799 1126 natus
823 1078 892 1124 sum
915 1059 950 1123 iu
972 1059 1053 1142 vico,
1078 1059 1129 1124 cui
1149 1074 1265 1126 nomen
1281 1067 1330 1127 est

157 1164 364 1249 Felixgrube,
394 1166 446 1232 die
477 1165 560 1231 VIII
594 1167 712 1233 mensis
742 1167 833 1234 Junii
865 1186 948 1232 anno
979 1167 1009 1230 h.
1041 1186 1063 1231 s
1096 1167 1207 1234 LVIII
1238 1174 1330 1250 patre

42 1257 48 1276 '
157 1271 342 1339 Ernesto
366 1277 471 1340 matre
494 1273 662 1339 Amalia
684 1294 702 1339 e
726 1279 823 1358 gente
847 1273 968 1356 Iohel,
993 1293 1071 1354 quos
1095 1275 1200 1342 adhuc
1224 1295 1331 1358 super-

157 1381 253 1446 stites
277 1399 348 1446 esse
371 1381 509 1446 maxime
532 1381 646 1446 laetor.
670 1420 712 1429 —
736 1381 831 1446 Fidei
854 1380 1003 1446 addictus
1027 1401 1096 1446 sum
1111 1383 1329 1466 evangelicae.

157 1487 276 1554 Primis
298 1489 468 1554 literarum
491 1487 659 1554 elementis
676 1488 817 1554 imbutus
841 1487 915 1552 inde
937 1489 978 1552 ab
997 1507 1080 1554 anno
1097 1489 1228 1554 LXXII
1244 1510 1332 1574 gym-

157 1595 283 1660 nasium
314 1595 542 1678 Cottpusiense
576 1594 792 1675 frequentavi.
838 1593 924 1659 Vere
958 1595 1035 1660 anni
1067 1575 1097 1660 11Ῐ
1129 1615 1153 1661 s.
1185 1597 1332 1662 LXXIX

157 1701 359 1767 maturitatis
381 1701 603 1768 testImonium
627 1701 772 1784 adeptus,
797 1705 833 1766 ut
856 1701 972 1766 studiis
995 1701 1200 1786 philologieis
1232 1703 1331 1770 histo-

158 1807 297 1888 ricisque
320 1827 370 1873 me
393 1807 513 1891 darem,
536 1807 673 1889 primum
704 1792 808 1872 H'alas
840 1807 912 1874 Sar.
945 1828 995 1872 me
1027 1810 1158 1874 contuli.
1205 1809 1329 1876 Deinde

28 1933 31 1944 '
158 1921 330 1984 auctumno
355 1916 497 1982 eiusdem
520 1916 597 1981 anni
619 1916 807 1980 Berolmum
831 1915 1072 1998 transmIgravi,
1104 1917 1159 1981 ubi
1190 1937 1249 1998 per
1280 1923 1332 1983 ter

157 2020 215 2088 sei
237 2041 364 2088 meuses
386 2022 505 2088 scholis
528 2021 677 2104 interfui;
701 2028 770 2086 tum
792 2041 869 2088 vere
894 2021 970 2087 anni
993 2023 1024 2088 11.
1048 2041 1072 2087 s.
1093 2022 1239 2088 LXXXI
1254 2024 1332 2090 Uni·

157 2130 348 2196 versitatem
365 2131 549 2195 Literarum
566 2130 766 2211 Lipsiensem
789 2129 912 2217 petivi,
924 2129 1033 2210 ibique
1052 2148 1114 2211 per
1133 2149 1191 2196 sex
1206 2150 1332 2198 menses

158 2243 316 2322 versatus,
347 2245 382 2303 ut
414 2239 533 2304 scholis
565 2238 688 2303 ultimis
719 2238 873 2319 adessem,
906 2238 1009 2303 Halas
1041 2237 1115 2303 San.
1147 2238 1250 2304 denuo
1281 2259 1331 2304 me

159 2340 312 2411 contuli·

264 2454 328 2518 Per
352 2473 443 2520 omne
467 2454 528 2518 hoc
552 2453 707 2533 temporis
731 2454 871 2534 spatium
897 2453 1075 2518 docueruut
1099 2472 1149 2518 me
1173 2454 1236 2520 viri
1269 2437 1331 2519 cla-

160 2561 278 2626 rissimi
302 2560 493 2626 doctissimi:

265 2667 506 2733 Beroliueuses:
564 2667 602 2734 E.
641 2668 814 2747 Curtius,
853 2669 894 2733 H.
933 2669 1123 2750 Droyseu,
1162 2669 1331 2752 Hiibuer,

158 2774 382 2856 Kirchhoff,
406 2774 540 2855 Seeck,
565 2774 609 2839 de
632 2775 880 2855 Treitscklre,
907 2775 1065 2857 Vahlen,
1088 2775 1225 2840 Zeller.

265 2881 463 2963 Llpsienses:
492 2882 631 2964 Arndt,
654 2880 693 2948 G.
717 2881 887 2962 Curtius,
913 2881 1131 2964 Overbeck,
1146 2881 1331 2947 Ribbeck.

265 2990 438 3054 Halenses:
484 2989 782 3072 Ditteuberger,
813 2988 852 3054 G.
882 2988 1071 3071 Droysen,
1102 2989 1332 3071 Duemmler,

159 3099 296 3180 Haym,
320 3096 464 3178 Hiller,
487 3095 589 3178 Keil,
612 3097 821 3176 Neumann,
846 3096 929 3162 Joh.
954 3095 1133 3162 Schmidt.

264 3203 329 3269 Per
351 3203 401 3268 bis
424 3221 482 3267 sex
504 3221 629 3268 menses
653 3202 700 3267 lui
724 3203 845 3268 sodalis
870 3203 1053 3269 ordinarius
1076 3202 1241 3268 seminarii
1264 3203 1333 3285 phin

158 3311 299 3394 lologici,
322 3329 501 3392 perunum
524 3314 679 3375 semestre
702 3310 837 3376 interfui
861 3309 1150 3375 exercitationibus
1166 3310 1332 3376 seminarii

158 3418 315 3485 historici.
369 3419 408 3483 In
439 3418 614 3484 societates
646 3436 721 3482 suas
753 3437 803 3482 111
833 3422 1026 3499 receperunt
1056 3418 1199 3501 Hiller,
1229 3418 1332 3501 Keil,

159 3527 373 3608 Neumann,
396 3524 583 3591 Schmidt.
629 3525 692 3590 His
709 3525 854 3590 omnibus
870 3525 951 3591 viris
966 3524 1195 3590 illustrissimis
1211 3525 1331 3608 optime

159 3635 199 3701 de
222 3652 273 3698 me
295 3633 421 3699 meritis
444 3652 485 3699 ex
508 3631 608 3697 animi
632 3632 796 3696 sententia
818 3636 852 3696 11
875 3649 960 3698 1111
984 3633 1110 3715 gratias
1140 3652 1203 3716 ago
1236 3651 1331 3713 quam

158 3741 317 3807 maximas
340 3745 374 3806 et
397 3758 522 3821 semper
545 3758 650 3822 agam.
695 3739 857 3819 Imprimis
880 3758 958 3804 vero
990 3739 1141 3805 colendus
1171 3740 1250 3805 mihi
1281 3745 1331 3805 est

159 3847 304 3929 Hiller,
329 3847 383 3928 qui
407 3846 441 3910 in
464 3847 526 3911 hac
550 3846 780 3912 dissertatione
805 3847 1035 3912 conscribenda
1058 3865 1108 3911 me
1140 3847 1331 3929 111111111εεί-
