3158 4934
391 1437 619 1574 Quamquam
661 1474 819 1556 proximis
860 1476 1062 1557 temporibus
1100 1477 1135 1541 ot
1172 1473 1378 1543 Thomtus
1421 1477 1457 1542 in

282 1577 553 1646 commentatione
570 1598 653 1661 quae
667 1579 857 1666 inscribitur
884 1581 937 1664 ,de
960 1581 1073 1648 Flori
1095 1600 1221 1648 rerum
1244 1582 1457 1666 scriptoris

195 1711 202 1714 ·
280 1686 504 1753 elocutione
531 1705 622 1770 pars
644 1687 775 1770 prior’,
803 1687 1136 1756 Frankensteinii
1161 1690 1256 1773 1881,
1285 1693 1321 1755 et
1348 1677 1455 1773 Egon

278 1792 314 1860 in
357 1793 587 1860 dissertatione
624 1813 694 1861 sua:
733 1793 792 1877 ,de
826 1791 943 1862 Floro
981 1793 1174 1864 historico
1213 1795 1463 1864 elocutionis·

279 1901 468 1968 Taciteae
510 1901 732 1986 imitatoro’,
773 1902 1012 1970 Monasterii
1048 1903 1147 1985 1882,
1184 1903 1225 1970 de
1264 1903 1333 1972 Juli
1364 1903 1456 1972 Flori

279 2027 424 2076 sermone
448 2008 684 2094 disseruerunt,
715 2013 825 2076 tamen
848 2011 919 2092 ipse
942 2027 1067 2094 quoquo
1098 2029 1196 2078 ausus
1227 2029 1298 2078 sum
1321 2010 1457 2079 eandem

278 2120 423 2182 tractare
445 2116 615 2183 materiem
638 2135 735 2199 quam
750 2116 1004 2199 accuratissime,
1025 2114 1184 2199 incipiens
1201 2137 1221 2185 a
1237 2138 1368 2186 casuum
1384 2139 1458 2202 syn-

279 2224 351 2290 taxi
374 2227 409 2289 et
431 2223 559 2306 reliqua
581 2225 615 2292 in
639 2224 729 2291 aliud
752 2229 880 2306 tempus
903 2210 1089 2307 reservans;
1113 2227 1212 2306 atque
1236 2225 1395 2309 imprimis
1418 2245 1458 2292 ea

278 2331 317 2397 de
350 2349 449 2399 causa
479 2334 682 2400 tractaturus
719 2351 801 2416 sum,
833 2332 919 2413 quod
949 2331 1081 2400 videtur
1111 2350 1191 2414 opus
1224 2343 1295 2398 ess'e
1329 2333 1458 2417 singula

193 2443 197 2450 '
280 2439 523 2506 consuetudinis
546 2437 722 2507 Florianae
751 2439 902 2522 persequi
926 2444 961 2506 et
984 2457 1191 2524 cognoscere,
1223 2443 1261 2505 ut
1285 2439 1457 2510 diiudicari
1504 2468 1506 2472 ·

280 2544 384 2628 possit
400 2547 625 2613 controversia
640 2546 707 2630 illa,
732 2566 815 2629 quae
831 2551 881 2614 est
897 2547 984 2612 inter
1000 2545 1089 2613 viros
1106 2546 1220 2613 doctos
1236 2546 1277 2614 de
1301 2547 1457 2630 exemplis

282 2653 399 2734 quibus
422 2652 540 2720 Florus
571 2673 648 2721 usus
672 2660 722 2721 est
758 2654 792 2720 in
820 2653 960 2720 historia
991 2654 1232 2720 conscribenda.
1278 2655 1362 2721 Nam
1386 2674 1457 2722 cum

281 2759 564 2829 Woeltflinus
580 2763 614 2828 in
629 2761 794 2845 Philologi
809 2764 897 2827 tomo
909 2759 1029 2827 XXIX
1043 2779 1072 2842 p.
1090 2759 1154 2826 557
1169 2759 1310 2829 affimat
1325 2764 1458 2830 Florum

281 2866 451 2934 adamasse
474 2868 583 2936 Taciti
606 2869 819 2936 elocutionem
843 2873 942 2948 atque
968 2866 1063 2952 Egon
1086 2867 1107 2935 l.
1123 2869 1144 2934 l.
1168 2869 1253 2936 hano
1275 2889 1356 2936 rem·
1375 2889 1457 2936 com·
1557 2853 1560 2858 ⁵

281 2976 420 3056 probare
437 2984 573 3044 conatus
595 2977 649 3060 sit,
664 2976 969 3044 Wiedemannus
992 2975 1026 3041 in
1041 2974 1208 3061 Philologi
1227 2980 1315 3044 tomo
1337 2975 1455 3044 XXXI

214 3103 215 3108 ¹
279 3071 308 3164 p.
333 3082 398 3148 tou
431 3084 512 3150 dicit
535 3083 726 3152 elocutionis
753 3082 906 3150 Taciteae
942 3087 976 3148 et
999 3082 1174 3150 Florianae
1210 3083 1457 3152 similitudinem

280 3189 323 3255 ad
346 3209 543 3258 communem
566 3191 655 3258 Livii
678 3190 893 3258 imitationem
924 3208 995 3256 osse
1026 3190 1253 3257 revocandam.
1296 3192 1347 3258 Ao
1377 3189 1464 3284 mihi,

281 3296 409 3378 quidem
444 3296 570 3379 placuit
600 3296 828 3365 Wiedemanni
859 3296 1037 3378 sententia,
1080 3315 1152 3363 cum
1187 3297 1457 3365 verisimillimum

279 3404 325 3470 sit
347 3403 539 3488 scriptorem
562 3406 727 3482 imitatum
749 3424 821 3472 esse
844 3423 909 3488 eos,
933 3423 1069 3487 quorum
1092 3424 1133 3470 ex
1154 3405 1248 3472 libris
1270 3424 1324 3472 res
1350 3405 1457 3489 petiit,

279 3512 299 3576 i.
317 3530 343 3578 o.
359 3511 422 3577 hac
436 3511 470 3577 in
486 3532 521 3579 ro
541 3513 706 3580 imitatum
725 3532 796 3580 esse
816 3511 975 3594 imprimis
990 3511 1163 3580 Liuianum
1179 3512 1456 3596 consuetudinem

279 3638 383 3700 neque
399 3619 507 3687 facore
529 3639 660 3702 possum
683 3625 720 3688 ut
743 3621 872 3688 credam
887 3619 1034 3702 Florum,
1058 3620 1114 3702 qui
1137 3619 1354 3702 compluribus
1376 3618 1457 3687 locis

280 3725 424 3792 ostendit
454 3745 490 3793 se
521 3727 671 3812 ignarum
702 3746 773 3794 esse
801 3745 912 3794 earum
935 3733 1043 3794 rerum
1067 3745 1147 3809 quas
1169 3727 1304 3793 Tacitus
1325 3726 1458 3810 scripsit

280 3832 332 3916 (cf.
360 3832 839 3919 Fi.1130,381),signaet
869 3833 1044 3916 aquilas
1070 3833 1174 3901 duas
1201 3831 1337 3902 adhuc
1366 3835 1456 3901 bar-

210 3977 212 3982 ,
279 3940 637 4023 baripossident’
661 3939 1456 4028 otTac.160,(In.Stertinius)repperit

269 4047 630 4116 'undevicesimae
651 4047 844 4133 legionis
867 4048 1056 4130 aquilam
1079 4066 1166 4116 cum
1188 4047 1299 4116 Varo
1335 4049 1455 4115 amis-

279 4157 388 4244 sam’,
411 4156 486 4226 Tac.
509 4156 548 4226 A.
571 4157 606 4224 Π
630 4157 696 4246 25),
718 4157 768 4223 ita
790 4155 955 4224 studuisse
982 4157 1123 4224 sermoni
1145 4155 1294 4239 Taciteo,
1317 4161 1355 4223 ut
1383 4173 1455 4223 eum

279 4263 632 4344 quasisuumtaccret
655 4263 745 4332 etin
768 4283 860 4331 suam
893 4283 963 4331 rem
993 4267 1211 4331 converteret:
1246 4262 1324 4345 quin
1354 4262 1455 4330 etiam

387 4441 406 4512 ¹)
424 4443 458 4498 In
477 4442 594 4498 citandis
612 4442 680 4498 locis
700 4441 839 4498 illusionis
858 4447 969 4499 secutus
988 4458 1047 4498 sum
1072 4442 1292 4513 descriptionem,
1311 4456 1365 4510 qua
1382 4456 1449 4497 usus

278 4537 322 4586 ast
339 4530 467 4586 Halmius
486 4531 516 4586 in
536 4529 656 4588 editione
675 4547 725 4586 sua
744 4530 832 4602 (Lim.
851 4531 941 4604 1879).
