3158 4934
662 246 972 361 »de-¹

196 427 290 495 aetas
324 429 435 512 populi
468 427 606 495 Romani
640 431 676 494 et
708 428 801 510 qnasi
840 427 1078 496 adulescentie'.
1111 428 1129 493 1
1161 447 1299 512 prooem.
1332 427 1349 492 1

190 536 271 620 ,ipsa
293 536 446 604 iuventus
474 535 603 618 imperii
631 541 664 602 et
696 536 789 618 quasi
820 538 955 603 robusta
976 535 1171 604 'matmn‘tas’.
1206 536 1303 621 142,
1331 539 1364 603 2:

189 663 272 728 ,cum
302 644 429 728 ingenti
460 643 587 726 quidem
618 643 776 710 victoriae
809 662 867 727 spe
901 648 999 725 atque
1029 644 1166 712 fiducia’.
1199 644 1217 710 I
1246 645 1307 728 45,
1330 646 1364 711 9:

190 756 386 836 ,receptator
416 751 558 818 hostium
588 754 687 832 atque
719 749 886 817 defensori
916 751 991 834 12,
1015 753 1044 817 1.
1061 753 1102 836 ,4,
1125 752 1154 819 3.
1179 752 1234 834 34,
1260 754 1311 836 19,
1332 735 1374 819 4(

189 859 223 926 11
247 861 276 942 1,
302 861 330 926 1.
355 863 415 926 010
438 897 481 908 -
502 857 542 926 01.
565 857 638 926 Liv.
662 860 691 939 1,
717 859 766 940 17,
792 860 827 925 1:
851 862 1025 942 ,certamen
1047 859 1142 944 regni
1168 879 1207 926 ac
1230 858 1363 941 cupido’.

190 966 220 1050 5,
243 967 296 1050 35,
319 965 350 1032 5.
372 1003 417 1017 -
439 966 489 1033 Ac
510 969 600 1032 10010
624 966 777 1032 admonet
792 965 948 1032 Kleine
964 965 995 1049 (l.
1018 964 1040 1034 l.
1063 985 1094 1048 p.
1114 966 1158 1054 6.)
1174 965 1236 1032 hac
1251 967 1364 1034 verbo

189 1092 260 1140 rum
283 1072 494 1140 collocatione
516 1071 587 1139 fieri
610 1076 656 1153 ,ut
679 1077 713 1138 et
743 1071 829 1154 plua·
843 1071 995 1154 ponderis
1023 1075 1194 1155 utrumque
1222 1072 1363 1155 accipiat

190 1182 367 1248 membrum
390 1184 424 1247 et
447 1179 574 1264 gratior
596 1180 640 1246 ad
662 1198 758 1246 eures
782 1177 911 1247 accidet
933 1181 1105 1246 verborum
1129 1182 1243 1250 sonua’.
1266 1219 1310 1230 -
1425 1245 1427 1252 ,

295 1287 476 1357 Posteriori
506 1285 628 1354 nomini
656 1286 844 1371 genetivus,
876 1287 931 1369 qui
961 1291 1089 1369 spectat
1120 1288 1162 1354 ad
1192 1292 1363 1369 utrumque

188 1395 277 1464 nullo
300 1395 371 1462 loco
394 1414 416 1465 1
437 1393 536 1462 Floro
559 1393 783 1478 praeponitur3
806 1399 896 1460 10010
911 1394 1043 1462 videtur
1063 1414 1185 1479 negare
1201 1395 1318 1462 Kleiue
1340 1396 1361 1461 l.

190 1503 210 1570 L
234 1501 337 1570 talem
359 1502 504 1570 ordinem
528 1520 599 1568 0110
621 1501 784 1586 Latinum,
808 1503 863 1583 qui
885 1502 920 1568 in
947 1502 1035 1570 Livii
1063 1522 1189 1585 quoque
1216 1503 1362 1570 historiis

189 1603 348 1693 nusquam
369 1608 542 1676 invenitur.

296 1716 332 1785 si
354 1715 527 1801 genetivus
549 1713 691 1782 refertur
713 1715 756 1782 ad
778 1715 869 1781 tria
891 1715 944 1783 vel
966 1716 1091 1798 plura
1112 1718 1265 1801 membra,
1288 1718 1362 1784 Flo

189 1845 244 1892 rua
266 1825 301 1892 in
324 1823 450 1891 deliciis
477 1823 578 1889 habet
605 1823 690 1888 huno
718 1821 875 1906 ordinem,
904 1842 966 1903 quo
995 1824 1183 1907 genetivum
1215 1825 1254 1890 in
1281 1824 1360 1890 fine

188 1937 305 2016 ponat:
328 1931 346 1996 I
371 1933 398 2014 l,
423 1932 452 2009 2,
476 1932 506 1997 2.
529 1931 582 2014 22,
605 1930 665 1996 421
689 1930 791 2012 ,sedes
815 1931 927 1997 domus
951 1935 984 1996 et
1006 1931 1117 2012 patria
1141 1931 1247 1997 altera
1261 1930 1361 1997 Anni-

190 2039 294 2107 balis'.
317 2038 402 2122 133,
426 2039 460 2105 5:
485 2037 680 2122 ,contagium
701 2056 740 2103 ac
763 2037 863 2104 101101
887 2057 1066 2118 causaeque
1081 2037 1286 2105 bellorum’.I
1308 2038 1360 2120 40,

190 2148 241 2214 21.
264 2147 298 2212 Π
323 2148 373 2230 19,
397 2148 427 2211 1.
450 2145 503 2229 30,
527 2142 569 2210 25
599 2143 628 2231 (Ι
652 2143 707 2226 13,
738 2145 758 2209 8
786 2144 958 2228 genetivus
980 2144 1178 2227 pronominis
1200 2145 1294 2211 relat.
1318 2146 1361 2211 le·

189 2255 287 2339 gitur,
311 2254 366 2335 qui
390 2271 449 2320 sua
470 2255 590 2318 natura
613 2251 844 2338 anteponitur).
870 2289 908 2300 -

294 2358 348 2426 Ad
369 2359 531 2442 primum
553 2376 669 2424 nomen
692 2358 810 2423 Florus
834 2358 933 2424 semel
956 2355 1142 2440 genetivum
1165 2358 1357 2440 10111122,

188 2472 222 2536 9:
246 2469 313 2553 ,illa
336 2466 448 2552 gravis
472 2471 506 2532 et
535 2465 683 2530 luctuosa
705 2465 820 2531 Punici
843 2463 922 2530 belli
951 2465 1003 2532 vis
1033 2470 1131 2545 atque
1162 2469 1358 2550 tempestas’,

188 2582 286 2659 atque
308 2575 343 2641 in
372 2573 466 2642 initio
488 2574 591 2639 totius
615 2575 787 2640 verborum
809 2573 905 2639 seriei
937 2572 1052 2638 semel:
1074 2573 1092 2637 Ι
1115 2573 1174 2654 41,
1208 2574 1263 2639 11:
1292 2592 1358 2656 ,per

188 2685 290 2752 omnia
313 2681 462 2762 aequoris
484 2686 606 2763 portus,
630 2680 730 2763 sinus,
753 2678 912 2764 latebras,
935 2698 1096 2761 recessus,
1126 2681 1357 2763 promunturia,

187 2793 283 2876 freta,
305 2790 533 2874 paeninsulas'.

94 2963 97 2971 r
294 2900 337 2985 b).
360 2898 402 2964 de
424 2917 484 2964 usu
507 2896 668 2981 genetivi,
697 2897 752 2976 qui
775 2901 904 2978 spectat
927 2896 970 2963 ad
992 2914 1103 2963 unum
1125 2915 1253 2977 nomen,
1276 2897 1357 2961 haec

186 3005 373 3073 adnotanda
395 3009 486 3072 sunt:

293 3113 372 3180 Cum
393 3130 510 3179 nomen
531 3129 650 3195 regens
673 3110 878 3176 coniunctum
898 3114 948 3176 est
970 3128 1041 3175 cum
1062 3109 1222 3176 attributo
1240 3110 1356 3195 aliquo,

185 3221 356 3305 genetivus

291 3328 332 3415 α).
348 3325 654 3408 interponitur
668 3324 856 3406 plerumque
873 3323 1054 3412 (ducenties
1065 3324 1165 3392 vicies
1177 3328 1240 3411 ter)
1256 3331 1354 3407 atque

181 3434 289 3518 itaut,
305 3434 466 3500 attributo
479 3432 609 3517 signeto
631 3432 729 3497 litera
744 3451 772 3512 1,
788 3430 916 3497 nomine
931 3431 1030 3498 litera
1044 3433 1074 3515 b,
1090 3431 1244 3516 genetivo
1256 3432 1354 3499 litera

181 3561 206 3626 c,
229 3541 275 3608 sit
297 3542 375 3608 ordo
391 3541 564 3608 verborum
586 3558 689 3622 paene
712 3557 839 3621 semper
858 3540 927 3622 acb,
950 3558 1020 3605 cum
1036 3540 1114 3605 ordo
1130 3541 1192 3604 boe
1206 3540 1353 3606 undecim

179 3654 308 3717 tantum
319 3648 400 3716 locis
412 3649 607 3716 inveniatur.
630 3647 714 3713 Vide
723 3647 872 3729 exempla
883 3647 1051 3713 nonnulla:
1067 3647 1234 3729 Iprooem.
1252 3648 1353 3732 111

179 3757 437 3824 constituendum
453 3755 523 3822 eius
537 3754 722 3836 imperium'.
746 3757 781 3821 3:
798 3758 910 3836 ,totam
926 3753 995 3820 eius
1021 3754 1214 3837 imaginem'.
1237 3757 1272 3823 4:
1296 3760 1352 3836 ,to-

177 3869 310 3945 tamque
332 3863 401 3931 eius
425 3867 576 3944 aetatem,
599 3862 642 3928 ad
665 3862 825 3943 quandam
849 3861 1194 3945 iuventaefrugem’.l'
1212 3864 1239 3946 1,
1265 3865 1293 3945 1,
1316 3863 1350 3944 5:

176 3972 291 4056 ,prima
321 3970 500 4038 iuventutis
531 3970 619 4036 face'.
649 3970 666 4033 I
698 3968 971 4056 12,2;,1110111
1001 3973 1156 4050 quattuor
1186 3971 1350 4052 agminum

175 4077 352 4163 11111111
382 4077 519 4144 Poetica
548 4077 686 4157 quadam
717 4077 852 4144 licentia
882 4075 1003 4140 dictum
1034 4082 1086 4142 est
1116 4077 1350 4160 1121,12,2;

174 4187 327 4272 ,tumidae
342 4187 487 4270 gentium
503 4184 700 4265 inflataeque
716 4185 867 4251 cervices’
884 4182 982 4273 (ac[b]
999 4188 1032 4249 et
1050 4181 1160 4272 [c]ab).

279 4296 352 4361 boa:
380 4293 398 4358 Ι
424 4293 477 4377 30,
500 4292 537 4358 5:
560 4293 681 4375 ,ducem
703 4291 782 4356 belli
805 4291 970 4357 deditum'.
993 4292 1046 4375 45,
1077 4292 1135 4355 20:
1159 4289 1348 4374 ,coniuratio

172 4401 235 4468 fuit
265 4400 446 4468 Galliarum
477 4400 667 4466 commuuis’.
700 4399 759 4483 35,
791 4401 828 4466 5:
867 4399 1040 4482 ,custodem
1072 4398 1121 4464 sui
1156 4399 1347 4465 barbarum’.
